@article{patpro,
  title={Algorithms and Data Structures Course Notes},
  author={Patrick Prosser},
  publisher={Glasgow University},
  note={Geometric Algorithms Slides},
}

@book{hinebaugh2009board,
  title={A Board Game Education},
  author={Hinebaugh, J.P.},
  isbn={9781607092612},
  lccn={2009010700},
  url={https://books.google.com.mt/books?id=nvqw9vK0R8sC},
  year={2009},
  publisher={R\&L Education}
}

@misc{rules,
  title = {Hasbro Battleship Rules},
  howpublished = {\url{https://www.hasbro.com/common/instruct/battleship.pdf}},
  note = {Accessed: 2020-05-09}
}